@article{Astafiev_2010, doi = {10.1126/science.1181918}, url = {https://doi.org/10.1126%2Fscience.1181918}, year = 2010, month = {feb}, publisher = {American Association for the Advancement of Science ({AAAS})}, volume = {327}, number = {5967}, pages = {840--843}, author = {O. Astafiev and A. M. Zagoskin and A. A. Abdumalikov and Yu. A. Pashkin and T. Yamamoto and K. Inomata and Y. Nakamura and J. S. Tsai}, title = {Resonance Fluorescence of a Single Artificial Atom}, journal = {Science} }
@article{Hoi_2011, doi = {10.1103/physrevlett.107.073601}, url = {https://doi.org/10.1103%2Fphysrevlett.107.073601}, year = 2011, month = {aug}, publisher = {American Physical Society ({APS})}, volume = {107}, number = {7}, author = {Io-Chun Hoi and C. M. Wilson and Göran Johansson and Tauno Palomaki and Borja Peropadre and Per Delsing}, title = {Demonstration of a Single-Photon Router in the Microwave Regime}, journal = {Physical Review Letters} }
@article{Abdumalikov_2010, doi = {10.1103/physrevlett.104.193601}, url = {https://doi.org/10.1103%2Fphysrevlett.104.193601}, year = 2010, month = {may}, publisher = {American Physical Society ({APS})}, volume = {104}, number = {19}, author = {A. A. Abdumalikov and O. Astafiev and A. M. Zagoskin and Yu. A. Pashkin and Y. Nakamura and J. S. Tsai}, title = {Electromagnetically Induced Transparency on a Single Artificial Atom}, journal = {Physical Review Letters} }
@article{Astafiev_2010_2, doi = {10.1103/physrevlett.104.183603}, url = {https://doi.org/10.1103%2Fphysrevlett.104.183603}, year = 2010, month = {may}, publisher = {American Physical Society ({APS})}, volume = {104}, number = {18}, author = {O. V. Astafiev and A. A. Abdumalikov and A. M. Zagoskin and Yu. A. Pashkin and Y. Nakamura and J. S. Tsai}, title = {Ultimate On-Chip Quantum Amplifier}, journal = {Physical Review Letters} }
@article{H_nigl_Decrinis_2018, doi = {10.1103/physreva.98.041801}, url = {https://doi.org/10.1103%2Fphysreva.98.041801}, year = 2018, month = {oct}, publisher = {American Physical Society ({APS})}, volume = {98}, number = {4}, author = {T. Hönigl-Decrinis and I. V. Antonov and R. Shaikhaidarov and V. N. Antonov and A. Yu. Dmitriev and O. V. Astafiev}, title = {Mixing of coherent waves in a single three-level artificial atom}, journal = {Physical Review A} }
@article{Shen_2005, doi = {10.1103/physrevlett.95.213001}, url = {https://doi.org/10.1103%2Fphysrevlett.95.213001}, year = 2005, month = {nov}, publisher = {American Physical Society ({APS})}, volume = {95}, number = {21}, author = {Jung-Tsung Shen and Shanhui Fan}, title = {Coherent Single Photon Transport in a One-Dimensional Waveguide Coupled with Superconducting Quantum Bits}, journal = {Physical Review Letters} }
@article{Johnson_2010, doi = {10.1088/0953-2048/23/6/065004}, url = {https://doi.org/10.1088%2F0953-2048%2F23%2F6%2F065004}, year = 2010, month = {apr}, publisher = {{IOP} Publishing}, volume = {23}, number = {6}, pages = {065004}, author = {M W Johnson and P Bunyk and F Maibaum and E Tolkacheva and A J Berkley and E M Chapple and R Harris and J Johansson and T Lanting and I Perminov and E Ladizinsky and T Oh and G Rose}, title = {A scalable control system for a superconducting adiabatic quantum optimization processor}, journal = {Superconductor Science and Technology} }
@article{Orlando_1999, doi = {10.1103/physrevb.60.15398}, url = {https://doi.org/10.1103%2Fphysrevb.60.15398}, year = 1999, month = {dec}, publisher = {American Physical Society ({APS})}, volume = {60}, number = {22}, pages = {15398--15413}, author = {T. P. Orlando and J. E. Mooij and Lin Tian and Caspar H. van der Wal and L. S. Levitov and Seth Lloyd and J. J. Mazo}, title = {Superconducting persistent-current qubit}, journal = {Physical Review B} }
@article{Chiorescu_2003, doi = {10.1126/science.1081045}, url = {https://doi.org/10.1126%2Fscience.1081045}, year = 2003, month = {feb}, publisher = {American Association for the Advancement of Science ({AAAS})}, volume = {299}, number = {5614}, pages = {1869--1871}, author = {I. Chiorescu}, title = {Coherent Quantum Dynamics of a Superconducting Flux Qubit}, journal = {Science} }
@article{Mooij_1999, doi = {10.1126/science.285.5430.1036}, url = {https://doi.org/10.1126%2Fscience.285.5430.1036}, year = 1999, month = {aug}, publisher = {American Association for the Advancement of Science ({AAAS})}, volume = {285}, number = {5430}, pages = {1036--1039}, author = {J. E. Mooij}, title = {Josephson Persistent-Current Qubit}, journal = {Science} }
@article{Yan_2016, doi = {10.1038/ncomms12964}, url = {https://doi.org/10.1038%2Fncomms12964}, year = 2016, month = {nov}, publisher = {Springer Science and Business Media {LLC}}, volume = {7}, number = {1}, author = {Fei Yan and Simon Gustavsson and Archana Kamal and Jeffrey Birenbaum and Adam P Sears and David Hover and Ted J. Gudmundsen and Danna Rosenberg and Gabriel Samach and S Weber and Jonilyn L. Yoder and Terry P. Orlando and John Clarke and Andrew J. Kerman and William D. Oliver}, title = {The flux qubit revisited to enhance coherence and reproducibility}, journal = {Nature Communications} }
@article{Qiu_2016, doi = {10.1038/srep28622}, url = {https://doi.org/10.1038%2Fsrep28622}, year = 2016, month = {jun}, publisher = {Springer Science and Business Media {LLC}}, volume = {6}, number = {1}, author = {Yueyin Qiu and Wei Xiong and Xiao-Ling He and Tie-Fu Li and J. Q. You}, title = {Four-junction superconducting circuit}, journal = {Scientific Reports} }
@article{Pop_2014, doi = {10.1038/nature13017}, url = {https://doi.org/10.1038%2Fnature13017}, year = 2014, month = {apr}, publisher = {Springer Science and Business Media {LLC}}, volume = {508}, number = {7496}, pages = {369--372}, author = {Ioan M. Pop and Kurtis Geerlings and Gianluigi Catelani and Robert J. Schoelkopf and Leonid I. Glazman and Michel H. Devoret}, title = {Coherent suppression of electromagnetic dissipation due to superconducting quasiparticles}, journal = {Nature} }
@article{Shulga_2018, doi = {10.1038/s41467-017-02608-8}, url = {https://doi.org/10.1038%2Fs41467-017-02608-8}, year = 2018, month = {jan}, publisher = {Springer Science and Business Media {LLC}}, volume = {9}, number = {1}, author = {K. V. Shulga and E. Il'ichev and M. V. Fistul and I. S. Besedin and S. Butz and O. V. Astafiev and U. Hübner and A. V. Ustinov}, title = {Magnetically induced transparency of a quantum metamaterial composed of twin flux qubits}, journal = {Nature Communications} }
@article{Stern_2014, doi = {10.1103/physrevlett.113.123601}, url = {https://doi.org/10.1103%2Fphysrevlett.113.123601}, year = 2014, month = {sep}, publisher = {American Physical Society ({APS})}, volume = {113}, number = {12}, author = {M. Stern and G. Catelani and Y. Kubo and C. Grezes and A. Bienfait and D. Vion and D. Esteve and P. Bertet}, title = {Flux Qubits with Long Coherence Times for Hybrid Quantum Circuits}, journal = {Physical Review Letters} }
@article{Gustavsson_2012, doi = {10.1103/physrevlett.109.010502}, url = {https://doi.org/10.1103%2Fphysrevlett.109.010502}, year = 2012, month = {jul}, publisher = {American Physical Society ({APS})}, volume = {109}, number = {1}, author = {Simon Gustavsson and Fei Yan and Jonas Bylander and Fumiki Yoshihara and Yasunobu Nakamura and Terry P. Orlando and William D. Oliver}, title = {Dynamical Decoupling and Dephasing in Interacting Two-Level Systems}, journal = {Physical Review Letters} }
@article{Peng_2016, doi = {10.1038/ncomms12588}, url = {https://doi.org/10.1038%2Fncomms12588}, year = 2016, month = {aug}, publisher = {Springer Science and Business Media {LLC}}, volume = {7}, number = {1}, author = {Z. H. Peng and S. E. de Graaf and J. S. Tsai and O. V. Astafiev}, title = {Tuneable on-demand single-photon source in the microwave range}, journal = {Nature Communications} }
